<record><leader>00000cas a22000007a 4500</leader><controlfield tag="001">14987128</controlfield><controlfield tag="008">861217d19661974iauwr ne      0    0eng d</controlfield><datafield ind1=" " ind2=" " tag="010"><subfield code="a">sn 86060182 </subfield></datafield><datafield ind1=" " ind2=" " tag="040"><subfield code="a">INP</subfield><subfield code="b">eng</subfield><subfield code="c">INP</subfield><subfield code="d">OCLCQ</subfield></datafield><datafield ind1=" " ind2=" " tag="042"><subfield code="a">msc</subfield></datafield><datafield ind1="0" ind2="4" tag="245"><subfield code="a">The Sibley Osceola County tribune.</subfield></datafield><datafield ind1="3" ind2="0" tag="246"><subfield code="a">Osceola County tribune</subfield></datafield><datafield ind1="1" ind2="3" tag="246"><subfield code="a">Sibley gazette &amp; tribune</subfield></datafield><datafield ind1=" " ind2=" " tag="260"><subfield code="a">Sibley, Iowa :</subfield><subfield code="b">Sibley Pub. Co.,</subfield><subfield code="c">1966-1974.</subfield></datafield><datafield ind1=" " ind2=" " tag="300"><subfield code="a">10 v. :</subfield><subfield code="b">ill.</subfield></datafield><datafield ind1=" " ind2=" " tag="310"><subfield code="a">Weekly</subfield></datafield><datafield ind1="0" ind2=" " tag="362"><subfield code="a">Vol. 94, no. 31 (Jan. 20, 1966)-v. 103, no. 36 (Oct. 31, 1974).</subfield></datafield><datafield ind1=" " ind2=" " tag="500"><subfield code="a">Includes occasional special issues.</subfield></datafield><datafield ind1=" " ind2=" " tag="500"><subfield code="a">Official newspaper of Osceola County.</subfield></datafield><datafield ind1=" " ind2=" " tag="500"><subfield code="a">Originally edited by: John E. van der Linden.</subfield></datafield><datafield ind1=" " ind2=" " tag="752"><subfield code="a">United States</subfield><subfield code="b">Iowa</subfield><subfield code="c">Osceola</subfield><subfield code="d">Sibley.</subfield></datafield><datafield ind1="0" ind2=" " tag="777"><subfield code="t">Sibley gazette (Sibley, Iowa : 1966)</subfield><subfield code="w">(DLC)sn 86060181</subfield></datafield><datafield ind1="0" ind2="1" tag="780"><subfield code="t">Sibley gazette-tribune</subfield><subfield code="w">(DLC)sn 86060126</subfield></datafield><datafield ind1="0" ind2="0" tag="785"><subfield code="t">Osceola County tribune (Sibley, Iowa : 1974)</subfield><subfield code="w">(DLC)sn 86060326</subfield></datafield><datafield ind1="1" ind2=" " tag="029"><subfield code="a">AU@</subfield><subfield code="b">000025809734</subfield></datafield></record>